@incollection{henriqueITNG2019expReport,
  title={An Experience Report from the Migration of Legacy Software Systems to Microservice based Architecture},
  author={Silva, Henrique, and Carneiro, Glauco and Monteiro, Miguel},
  booktitle={Information Technology-New Generations (ITNG 2019)},
  pages={159--165},
  year={2019},
  publisher={Springer}
}

@book{hendricks2012improving,
  title={Improving schools through action research: A reflective practice approach},
  author={Hendricks, Cher C},
  year={2012},
  publisher={Pearson Higher Ed}
}

@article{taibi2017processes,
  title={Processes, Motivations, and Issues for Migrating to Microservices Architectures: An Empirical Investigation},
  author={Taibi, Davide and Lenarduzzi, Valentina and Pahl, Claus},
  journal={IEEE Cloud Computing},
  volume={4},
  number={5},
  pages={22--32},
  year={2017},
  publisher={IEEE}
}

@incollection{ossher2002multi,
  title={Multi-dimensional separation of concerns and the hyperspace approach},
  author={Ossher, Harold and Tarr, Peri},
  booktitle={Software Architectures and Component Technology},
  pages={293--323},
  year={2002},
  publisher={Springer}
}

@article{seaman1999qualitative,
  title={Qualitative methods in empirical studies of software engineering},
  author={Seaman, Carolyn B.},
  journal={IEEE Transactions on software engineering},
  volume={25},
  number={4},
  pages={557--572},
  year={1999},
  publisher={IEEE}
}

@inproceedings{leymann_native_2016,
  author = {Leymann, Frank and Breitenbücher, Uwe and Wagner, Sebastian and Wettinger, Johannes},
  title = {Native Cloud Applications: Why Monolithic Virtualization Is Not Their Foundation},
  booktitle = {Cloud Computing and Services Science},
  publisher = {Springer, Cham},
  year = {2016},
  pages = {16--40},
  doi = {https://doi.org/10.1007/978-3-319-62594-2_2}
}

@inproceedings{kalske_challenges_2017,
  author = {Kalske, Miika and Mäkitalo, Niko and Mikkonen, Tommi},
  title = {Challenges When Moving from Monolith to Microservice Architecture},
  booktitle = {Current Trends in Web Engineering},
  publisher = {Springer, Cham},
  year = {2017},
  pages = {32--47},
  doi = {https://doi.org/10.1007/978-3-319-74433-9_3}
}
@article{singleton2016economics,
  title={The economics of microservices},
  author={Singleton, Andy},
  journal={IEEE Cloud Computing},
  volume={3},
  number={5},
  pages={16--20},
  year={2016},
  publisher={IEEE}
}

@article{toffetti2017self,
  title={Self-managing cloud-native applications: Design, implementation, and experience},
  author={Toffetti, Giovanni and Brunner, Sandro and Bl{\"o}chlinger, Martin and Spillner, Josef and Bohnert, Thomas Michael},
  journal={Future Generation Computer Systems},
  volume={72},
  pages={165--179},
  year={2017},
  publisher={Elsevier}
}
@book{nadareishvili2016microservice,
  title={Microservice Architecture: Aligning Principles, Practices, and Culture},
  author={Nadareishvili, Irakli and Mitra, Ronnie and McLarty, Matt and Amundsen, Mike},
  year={2016},
  publisher={" O'Reilly Media, Inc."}
}
@book{wolff2016microservices,
  title={Microservices: Flexible Software Architecture},
  author={Wolff, Eberhard},
  year={2016},
  publisher={Addison-Wesley Professional}
}
@book{erl2008soa,
  title={Soa: principles of service design},
  author={Erl, Thomas},
  volume={1},
  year={2008},
  publisher={Prentice Hall Upper Saddle River}
}
@book{evans2004domain,
  title={Domain-driven design: tackling complexity in the heart of software},
  author={Evans, Eric},
  year={2004},
  publisher={Addison-Wesley Professional}
}
@book{newman2015building,
  title={Building microservices: designing fine-grained systems},
  author={Newman, Sam},
  year={2015},
  publisher={" O'Reilly Media, Inc."}
}
@misc{fowler2010stranglerapplication,
  title={StranglerApplication},
  author={Fowler, Martin},
  year={2010}
}
@incollection{dragoni2017microservices,
  title={Microservices: yesterday, today, and tomorrow},
  author={Dragoni, Nicola and Giallorenzo, Saverio and Lafuente, Alberto Lluch and Mazzara, Manuel and Montesi, Fabrizio and Mustafin, Ruslan and Safina, Larisa},
  booktitle={Present and Ulterior Software Engineering},
  pages={195--216},
  year={2017},
  publisher={Springer}
}
@article{martin2002single,
  title={The single responsibility principle},
  author={Martin, Robert C},
  journal={The principles, patterns, and practices of Agile Software Development},
  volume={149},
  pages={154},
  year={2002}
}
@book{gamma1995design,
  title={Design patterns: elements of reusable object-oriented software},
  author={Gamma, Erich},
  year={1995},
  publisher={Pearson Education India}
}
@article{richardson2014pattern,
  title={Pattern: Monolithic Architecture},
  author={Richardson, Chris},
  journal={Posje{\'c}eno},
  volume={15},
  pages={2016},
  year={2014}
}
@misc{richardson2014microservices,
  title={Microservices: Decomposing applications for deployability and scalability},
  author={Richardson, Chris},
  journal={2014-05-25)[2016-08-06]. http://www. infoq. com/articles/microservices-intro},
  year={2014}
}
@article{balalaie2016microservices,
  title={Microservices architecture enables DevOps: migration to a cloud-native architecture},
  author={Balalaie, Armin and Heydarnoori, Abbas and Jamshidi, Pooyan},
  journal={IEEE Software},
  volume={33},
  number={3},
  pages={42--52},
  year={2016},
  publisher={IEEE}
}
@misc{mattmclartywebsite,
  author="Matt McLarty",
  title={Designing a Microservice System},
  url="http://www.apiacademy.co/designing-a-system-of-microservices"},
  addendum="(accessed: 01.23.2018)"
}
@book{foote1997big,
  title={Pattern languages of program design},
  author={Coplien, James O and Schmidt, Douglas C},
  year={1995},
  publisher={ACM Press/Addison-Wesley Publishing Co.}
}
@book{millett2015patterns,
  title={Patterns, Principles and Practices of Domain-Driven Design},
  author={Millett, Scott},
  year={2015},
  publisher={John Wiley \& Sons}
}
@book{vernon2013implementing,
  title={Implementing domain-driven design},
  author={Vernon, Vaughn},
  year={2013},
  publisher={Addison-Wesley}
}

%suggestions by PROFES reviewer 1:

@inproceedings{di2017research,
  title={Research on architecting microservices: trends, focus, and potential for industrial adoption},
  author={Di Francesco, Paolo and Malavolta, Ivano and Lago, Patricia},
  booktitle={Software Architecture (ICSA), 2017 IEEE International Conference on},
  pages={21--30},
  year={2017},
  organization={IEEE}
}

@inproceedings{escobar2016towards,
  title={Towards the understanding and evolution of monolithic applications as microservices},
  author={Escobar, Daniel and C{\'a}rdenas, Diana and Amarillo, Rolando and Castro, Eddie and Garc{\'e}s, Kelly and Parra, Carlos and Casallas, Rubby},
  booktitle={Computing Conference (CLEI), 2016 XLII Latin American},
  pages={1--11},
  year={2016},
  organization={IEEE}
}

@article{levcovitz2016towards,
  title={Towards a technique for extracting microservices from monolithic enterprise systems},
  author={Levcovitz, Alessandra and Terra, Ricardo and Valente, Marco Tulio},
  journal={arXiv preprint arXiv:1605.03175},
  year={2016}
}

@inproceedings{ahmadvand2016requirements,
  title={Requirements reconciliation for scalable and secure microservice (de) composition},
  author={Ahmadvand, Mohsen and Ibrahim, Amjad},
  booktitle={Requirements Engineering Conference Workshops (REW), IEEE International},
  pages={68--73},
  year={2016},
  organization={IEEE}
}

@inproceedings{baresi2017microservices,
  title={Microservices identification through interface analysis},
  author={Baresi, Luciano and Garriga, Martin and De Renzis, Alan},
  booktitle={European Conference on Service-Oriented and Cloud Computing},
  pages={19--33},
  year={2017},
  organization={Springer}
}

@inproceedings{gysel2016service,
  title={Service cutter: a systematic approach to service decomposition},
  author={Gysel, Michael and K{\"o}lbener, Lukas and Giersche, Wolfgang and Zimmermann, Olaf},
  booktitle={European Conference on Service-Oriented and Cloud Computing},
  pages={185--200},
  year={2016},
  organization={Springer}
}

@inproceedings{mazlami2017extraction,
  title={Extraction of microservices from monolithic software architectures},
  author={Mazlami, Genc and Cito, Jurgen and Leitner, Philipp},
  booktitle={2017 IEEE International Conference on Web Services (ICWS)},
  pages={524--531},
  year={2017},
  organization={IEEE}
}

@incollection{mustafa2018granmicro,
  title={GranMicro: A Black-Box Based Approach for Optimizing Microservices Based Applications},
  author={Mustafa, Ola and G{\'o}mez, Jorge Marx and Hamed, Mohamad and Pargmann, Hergen},
  booktitle={From Science to Society},
  pages={283--294},
  year={2018},
  publisher={Springer}
}

@inproceedings{hassan2017microservice,
  title={Microservice ambients: An architectural meta-modelling approach for microservice granularity},
  author={Hassan, Sara and Ali, Nour and Bahsoon, Rami},
  booktitle={Software Architecture (ICSA), 2017 IEEE International Conference on},
  pages={1--10},
  year={2017},
  organization={IEEE}
}

@inproceedings{klock2017workload,
  title={Workload-based clustering of coherent feature sets in microservice architectures},
  author={Klock, Sander and Van Der Werf, Jan Martijn EM and Guelen, Jan Pieter and Jansen, Slinger},
  booktitle={Software Architecture (ICSA), 2017 IEEE International Conference on},
  pages={11--20},
  year={2017},
  organization={IEEE}
}

@article{uutowards,
  title={Towards a MicroServices Architecture for Clouds},
  author={UU, Zhiping Luo and Korpershoek, Michel and VU, AnaMaria Oprescu}
}

%suggestions by PROFES reviewer 2:

@inproceedings{canfora2006migrating,
  title={Migrating interactive legacy systems to web services},
  author={Canfora, Gerardo and Fasolino, Anna Rita and Frattolillo, Gianni and Tramontana, Porfirio},
  booktitle={Software Maintenance and Reengineering, 2006. CSMR 2006. Proceedings of the 10th European Conference on},
  pages={10--pp},
  year={2006},
  organization={IEEE}
}

@article{litoiu2004migrating,
  title={Migrating to web services: a performance engineering approach},
  author={Litoiu, Marin},
  journal={Journal of Software Maintenance and Evolution: Research and Practice},
  volume={16},
  number={1-2},
  pages={51--70},
  year={2004},
  publisher={Wiley Online Library}
}

@article{de2008developing,
  title={Developing legacy system migration methods and tools for technology transfer},
  author={De Lucia, Andrea and Francese, Rita and Scanniello, Giuseppe and Tortora, Genoveffa},
  journal={Software: Practice and Experience},
  volume={38},
  number={13},
  pages={1333--1364},
  year={2008},
  publisher={Wiley Online Library}
}

@inproceedings{sneed1996encapsulating,
  title={Encapsulating legacy software for use in client/server systems},
  author={Sneed, Harry M},
  booktitle={Reverse Engineering, 1996., Proceedings of the Third Working Conference on},
  pages={104--119},
  year={1996},
  organization={IEEE}
}

@inproceedings{sneed2006integrating,
  title={Integrating legacy software into a service oriented architecture},
  author={Sneed, Harry M},
  booktitle={Software Maintenance and Reengineering, 2006. CSMR 2006. Proceedings of the 10th European Conference on},
  pages={11--pp},
  year={2006},
  organization={IEEE}
}

@inproceedings{sneed2003creating,
  title={Creating web services from legacy host programs},
  author={Sneed, Harry M and Sneed, Stephan H},
  booktitle={Web Site Evolution, 2003. Theme: Architecture. Proceedings. Fifth IEEE International Workshop on},
  pages={59--65},
  year={2003},
  organization={IEEE}
}

@article{colosimo2009evaluating,
  title={Evaluating legacy system migration technologies through empirical studies},
  author={Colosimo, Massimo and De Lucia, Andrea and Scanniello, Giuseppe and Tortora, Genoveffa},
  journal={Information and Software Technology},
  volume={51},
  number={2},
  pages={433--447},
  year={2009},
  publisher={Elsevier}
}

@inproceedings{scanniello2008approach,
  title={An approach and an eclipse based environment for data migration},
  author={Scanniello, Giuseppe and De Lucia, Andrea and Mennella, Michele and Tagliamonte, Giuseppe},
  booktitle={Software Maintenance, 2008. ICSM 2008. IEEE International Conference on},
  pages={237--246},
  year={2008},
  organization={IEEE}
}

@inproceedings{de2006strategy,
  title={A strategy and an Eclipse based environment for the migration of legacy systems to multi-tier web-based architectures},
  author={De Lucia, Andrea and Francese, Rita and Scanniello, Giuseppe and Tortora, Genoveffa and Vitiello, Nicola},
  booktitle={Software Maintenance, 2006. ICSM'06. 22nd IEEE International Conference on},
  pages={438--447},
  year={2006},
  organization={IEEE}
}